@online{Datalab,
  author = {SSP Cloud},
  title = {La plateforme Datalab SSP Cloud},
  year = 2019,
  url = {https://datalab.sspcloud.fr/},
  urldate = {2023-10-24}
}

